%% This BibTeX bibliography file was created using BibDesk.
%% http://bibdesk.sourceforge.net/


@webpage{GLPK,
	Date-Modified = {2016-03-17 12:52:17 +0000},
	Month = {March},
	Title = {{GNU Linear Programming Kit, Version 4.52}},
	Url = {http://www.gnu.org/software/glpk/glpk.html},
	Year = {2016}}
